<?xml version="1.0" encoding="UTF-8"?><collection xmlns="http://www.loc.gov/MARC21/slim"><record><leader>00405nam--2200157-i-4500</leader><controlfield tag="001">000002868</controlfield><controlfield tag="002">20161230</controlfield><controlfield tag="005">20170127214937</controlfield><controlfield tag="008">060222s1000------------r-----000-0-eng-d</controlfield><datafield ind1=" " ind2=" " tag="100"><subfield code="a">Biot, Maurice A</subfield></datafield><datafield ind1=" " ind2=" " tag="245"><subfield code="a">Mathematical methods in engineering</subfield></datafield><datafield ind1=" " ind2=" " tag="260"><subfield code="a">New York</subfield><subfield code="b">Mcgraw-hill,</subfield><subfield code="c">1940</subfield></datafield><datafield ind1=" " ind2=" " tag="300"><subfield code="a">XII + 505 p</subfield></datafield><datafield ind1=" " ind2=" " tag="700"><subfield code="a">K©Łrm©Łn, Theodore von</subfield></datafield><datafield ind1=" " ind2=" " tag="852"><subfield code="a">10903</subfield></datafield><datafield ind1=" " ind2=" " tag="CAT"><subfield code="a">SYS</subfield><subfield code="c">20170127</subfield><subfield code="h">214937</subfield></datafield></record></collection>